{
  "status": "ok",
  "ch": "market.btcusdt.trade.detail",
  "ts": 1560302946413,
  "data": [
    {
      "id": 101377485095,
      "ts": 1560302946337,
      "data": [
        {
          "amount": 0.179000000000000000,
          "ts": 1560302946337,
          "id": 10137748509536754125594,
          "price": 7821.750000000000000000,
          "direction": "sell"
        }
      ]
    },
    {
      "id": 101377485024,
      "ts": 1560302946002,
      "data": [
        {
          "amount": 0.039600000000000000,
          "ts": 1560302946002,
          "id": 10137748502436754124884,
          "price": 7821.690000000000000000,
          "direction": "sell"
        }
      ]
    },
    {
      "id": 101377485018,
      "ts": 1560302945977,
      "data": [
        {
          "amount": 0.071700000000000000,
          "ts": 1560302945977,
          "id": 10137748501836754124884,
          "price": 7821.690000000000000000,
          "direction": "sell"
        }
      ]
    },
    {
      "id": 101377484926,
      "ts": 1560302945352,
      "data": [
        {
          "amount": 0.057400000000000000,
          "ts": 1560302945352,
          "id": 10137748492636754123478,
          "price": 7821.680000000000000000,
          "direction": "sell"
        }
      ]
    },
    {
      "id": 101377484921,
      "ts": 1560302945326,
      "data": [
        {
          "amount": 0.000700000000000000,
          "ts": 1560302945326,
          "id": 10137748492136754120111,
          "price": 7822.630000000000000000,
          "direction": "sell"
        },
        {
          "amount": 0.010700000000000000,
          "ts": 1560302945326,
          "id": 10137748492136753977313,
          "price": 7822.280000000000000000,
          "direction": "sell"
        },
        {
          "amount": 0.102600000000000000,
          "ts": 1560302945326,
          "id": 10137748492136754123478,
          "price": 7821.680000000000000000,
          "direction": "sell"
        }
      ]
    },
    {
      "id": 101377484919,
      "ts": 1560302945318,
      "data": [
        {
          "amount": 0.057300000000000000,
          "ts": 1560302945318,
          "id": 10137748491936754120111,
          "price": 7822.630000000000000000,
          "direction": "sell"
        }
      ]
    },
    {
      "id": 101377484914,
      "ts": 1560302945298,
      "data": [
        {
          "amount": 0.019100000000000000,
          "ts": 1560302945298,
          "id": 10137748491436754120111,
          "price": 7822.630000000000000000,
          "direction": "sell"
        }
      ]
    },
    {
      "id": 101377484913,
      "ts": 1560302945299,
      "data": [
        {
          "amount": 0.002400000000000000,
          "ts": 1560302945299,
          "id": 10137748491336753994789,
          "price": 7823.440000000000000000,
          "direction": "sell"
        },
        {
          "amount": 0.040000000000000000,
          "ts": 1560302945299,
          "id": 10137748491336753995332,
          "price": 7823.440000000000000000,
          "direction": "sell"
        },
        {
          "amount": 0.057400000000000000,
          "ts": 1560302945299,
          "id": 10137748491336754120111,
          "price": 7822.630000000000000000,
          "direction": "sell"
        }
      ]
    },
    {
      "id": 101377484902,
      "ts": 1560302945264,
      "data": [
        {
          "amount": 0.050900000000000000,
          "ts": 1560302945264,
          "id": 10137748490236754019285,
          "price": 7824.580000000000000000,
          "direction": "sell"
        },
        {
          "amount": 0.076800000000000000,
          "ts": 1560302945264,
          "id": 10137748490236754122249,
          "price": 7823.830000000000000000,
          "direction": "sell"
        },
        {
          "amount": 0.043700000000000000,
          "ts": 1560302945264,
          "id": 10137748490236754117919,
          "price": 7823.460000000000000000,
          "direction": "sell"
        },
        {
          "amount": 0.078600000000000000,
          "ts": 1560302945264,
          "id": 10137748490236753994789,
          "price": 7823.440000000000000000,
          "direction": "sell"
        }
      ]
    },
    {
      "id": 101377484884,
      "ts": 1560302945200,
      "data": [
        {
          "amount": 0.028700000000000000,
          "ts": 1560302945200,
          "id": 10137748488436754020503,
          "price": 7824.600000000000000000,
          "direction": "sell"
        },
        {
          "amount": 0.028300000000000000,
          "ts": 1560302945200,
          "id": 10137748488436754019285,
          "price": 7824.580000000000000000,
          "direction": "sell"
        }
      ]
    }
  ]
}